<record><leader>00000cas a22000007a 4500</leader><controlfield tag="001">10854738</controlfield><controlfield tag="008">840618d18681902iaucr ne      0    0eng d</controlfield><datafield ind1=" " ind2=" " tag="010"><subfield code="a">sn 84027066 </subfield></datafield><datafield ind1=" " ind2=" " tag="040"><subfield code="a">NPU</subfield><subfield code="b">eng</subfield><subfield code="c">NPU</subfield><subfield code="d">INP</subfield><subfield code="d">OCLCQ</subfield></datafield><datafield ind1=" " ind2=" " tag="042"><subfield code="a">msc</subfield></datafield><datafield ind1="0" ind2=" " tag="130"><subfield code="a">Floyd County advocate (Charles City, Iowa : 1868)</subfield></datafield><datafield ind1="1" ind2="0" tag="245"><subfield code="a">Floyd County advocate.</subfield></datafield><datafield ind1="3" ind2="0" tag="246"><subfield code="a">Semi-weekly Floyd County advocate</subfield></datafield><datafield ind1=" " ind2=" " tag="260"><subfield code="a">Charles City, Iowa :</subfield><subfield code="b">Valentine Baltuff,</subfield><subfield code="c">-1902.</subfield></datafield><datafield ind1=" " ind2=" " tag="300"><subfield code="a">v. ;</subfield><subfield code="c">66 cm.</subfield></datafield><datafield ind1=" " ind2=" " tag="310"><subfield code="a">Semiweekly,</subfield><subfield code="b">June 6, 1899-Mar. 7, 1902</subfield></datafield><datafield ind1=" " ind2=" " tag="321"><subfield code="a">Weekly,</subfield><subfield code="b">&lt;Apr. 20, 1894&gt;-June 1, 1899</subfield></datafield><datafield ind1="1" ind2=" " tag="362"><subfield code="a">Began with Nov. 20, 1868 issue.</subfield><subfield code="z">Cf. A bibliography of Iowa newspapers, 1836-1976.</subfield></datafield><datafield ind1="0" ind2=" " tag="362"><subfield code="a">-v. 33, no. 70 (Mar. 7, 1902).</subfield></datafield><datafield ind1=" " ind2=" " tag="500"><subfield code="a">"Semiweekly" appears before title, June 13, 1899-Mar. 7, 1902.</subfield></datafield><datafield ind1=" " ind2=" " tag="500"><subfield code="a">Publisher varies.</subfield></datafield><datafield ind1=" " ind2=" " tag="588"><subfield code="a">Description based on: Vol. 5, no. 37 (Jan. 28, 1873).</subfield></datafield><datafield ind1=" " ind2=" " tag="752"><subfield code="a">United States</subfield><subfield code="b">Iowa</subfield><subfield code="c">Floyd</subfield><subfield code="d">Charles City.</subfield></datafield><datafield ind1="0" ind2="0" tag="785"><subfield code="t">Floyd County semi-weekly advocate (Charles City, Iowa : 1902)</subfield><subfield code="w">(DLC)sn 88059480</subfield></datafield></record>